@phdthesis{fielding,
  author       = {Roy Thomas Fielding}, 
  title        = {Architectural Styles and the Design of Network-based Software Architectures},
  school       = {University of California},
  year         = 2000,
  url          = "http://www.ics.uci.edu/~fielding/pubs/dissertation/top.htm",
  urldate      = {2016-02-17},
  type = {Dissertation}
}
